<record><leader>00000cas a22000007a 4500</leader><controlfield tag="001">14509593</controlfield><controlfield tag="008">861023d19261927txucr ne      0    0eng d</controlfield><controlfield tag="009">6576</controlfield><datafield ind1=" " ind2=" " tag="010"><subfield code="a">sn 86089740 </subfield></datafield><datafield ind1=" " ind2=" " tag="040"><subfield code="a">PPM</subfield><subfield code="b">eng</subfield><subfield code="c">PPM</subfield><subfield code="d">DLC</subfield></datafield><datafield ind1=" " ind2=" " tag="042"><subfield code="a">msc</subfield></datafield><datafield ind1="0" ind2="4" tag="245"><subfield code="a">The Jefferson jimplecute and Jefferson journal.</subfield></datafield><datafield ind1="0" ind2="7" tag="246"><subfield code="a">Jefferson journal-jimplecute</subfield></datafield><datafield ind1="0" ind2="7" tag="246"><subfield code="a">Jefferson jimplecute-journal</subfield></datafield><datafield ind1=" " ind2=" " tag="260"><subfield code="a">Jefferson, Tex. :</subfield><subfield code="b">News-Messenger Pub. Co.,</subfield><subfield code="c">1926-</subfield></datafield><datafield ind1=" " ind2=" " tag="300"><subfield code="a">v. :</subfield><subfield code="b">ill.</subfield></datafield><datafield ind1=" " ind2=" " tag="310"><subfield code="a">Weekly</subfield></datafield><datafield ind1=" " ind2=" " tag="321"><subfield code="a">Semiweekly</subfield></datafield><datafield ind1="0" ind2=" " tag="362"><subfield code="a">Vol. 60, no. 45 (Mar. 1, 1926)-v. 62, no. 17 (Aug. 25, 1927)</subfield></datafield><datafield ind1=" " ind2=" " tag="515"><subfield code="a">Continues numbering of Jefferson jimplecute (1907)</subfield></datafield><datafield ind1=" " ind2=" " tag="752"><subfield code="a">United States</subfield><subfield code="b">Texas</subfield><subfield code="c">Marion</subfield><subfield code="d">Jefferson.</subfield></datafield><datafield ind1="0" ind2="0" tag="780"><subfield code="t">Jefferson jimplecute (Jefferson, Tex. : 1907)</subfield><subfield code="x">1946-6064</subfield><subfield code="w">(DLC)sn 86089978</subfield><subfield code="w">(OCoLC)14634035</subfield></datafield><datafield ind1="0" ind2="0" tag="785"><subfield code="t">Jefferson journal</subfield><subfield code="w">(DLC)sn 86088855</subfield></datafield></record>